@inproceedings{filelis2017,
 author = {Filelis-Papadopoulos, C. K. and Gravvanis, G. A. and Morrison, J. P.},
 title = {CloudLightning Simulation and Evaluation Roadmap},
 booktitle = {Proceedings of the 1st International Workshop on Next Generation of Cloud Architectures},
 series = {CloudNG:17},
 year = {2017},
 isbn = {978-1-4503-4936-9},
 location = {Belgrade, Serbia},
 pages = {2:1--2:6},
 articleno = {2},
 numpages = {6},
 url = {http://doi.acm.org/10.1145/3068126.3068128},
 doi = {10.1145/3068126.3068128},
 acmid = {3068128},
 publisher = {ACM},
 address = {New York, NY, USA},
 keywords = {CloudLightning, Evaluation, Self - Management, Self - Organisation},
}

@inproceedings{mell2011nist,
  title={The NIST definition of cloud computing},
  author={Mell, P. and Grance, T.},
  year={2011},
  publisher={Computer Security Division, Information Technology Laboratory, National Institute of Standards and Technology Gaithersburg}
}
